% this is the bibliography file


@Misc{eyes-of-the-army,
  author = 	 {M. E. Dempsey},
  title = 	 {Eyes of the Army - U.S. Army Roadmap for Unmanned Aircraft Systems 2010-2035},
  howpublished = {U.S Army, Fort Rucker},
  month = 	 {},
  year = 	 {2010},
  annote = 	 {}
}

@Misc{learning-to-fly,
  author =       {R. Storm and T. Benson},
  title =        {Learning to Fly: The Wright Brothersâ€™ Adventure},
  howpublished = {National Aeronautics and Space Administration},
  month =        {},
  year =         {2002},
  annote =       {}
  }


@Misc{pivant,
  author =       {J. Borges de Sousa and G. Goncalves and A. Costa and J. Morgado},
  title =        {Mixed initiative control of unmanned air vehicle systems: the PITVANT
    RD UAV programe},
  howpublished = {Portuguese Ministry of Defense under the
    project PITVANT},
  month =        {},
  year =         {2008},
  annote =       {}
  }
  
@Misc{hirrus,
  author =       {Another Flight Team},
  title =        {Hirrus},
  howpublished = {},
  month =        {},
  year =         {2012},
  annote =       {}
  }
  
http://www.aft.ro/index.php/hirrus.html
